<record><leader>00000cas a2200000 a 4500</leader><controlfield tag="001">29173110</controlfield><controlfield tag="008">931021d19611963iluwr ne      0   a0eng c</controlfield><datafield ind1=" " ind2=" " tag="010"><subfield code="a">sn 93057140 </subfield></datafield><datafield ind1=" " ind2=" " tag="040"><subfield code="a">NVF</subfield><subfield code="b">eng</subfield><subfield code="c">NVF</subfield><subfield code="d">DLC</subfield><subfield code="d">CVF</subfield><subfield code="d">OCLCQ</subfield><subfield code="d">CGP</subfield><subfield code="d">NVF</subfield><subfield code="d">OCLCO</subfield></datafield><datafield ind1="1" ind2=" " tag="029"><subfield code="a">AU@</subfield><subfield code="b">000025854090</subfield></datafield><datafield ind1=" " ind2=" " tag="042"><subfield code="a">pcc</subfield></datafield><datafield ind1=" " ind2=" " tag="043"><subfield code="a">n-us-il</subfield></datafield><datafield ind1="0" ind2="0" tag="245"><subfield code="a">Jefferson Park Portage Park Mayfair times.</subfield></datafield><datafield ind1="1" ind2="0" tag="246"><subfield code="a">Jefferson Park times</subfield></datafield><datafield ind1="1" ind2="0" tag="246"><subfield code="a">Portage Park times</subfield></datafield><datafield ind1="1" ind2="0" tag="246"><subfield code="a">Mayfair times</subfield></datafield><datafield ind1=" " ind2=" " tag="260"><subfield code="a">Chicago [Ill. :</subfield><subfield code="b">s.n.],</subfield><subfield code="c">1961-1963.</subfield></datafield><datafield ind1=" " ind2=" " tag="300"><subfield code="a">v.</subfield></datafield><datafield ind1=" " ind2=" " tag="310"><subfield code="a">Weekly</subfield></datafield><datafield ind1="0" ind2=" " tag="362"><subfield code="a">Feb. 2, 1961-July 4, 1963.</subfield></datafield><datafield ind1=" " ind2=" " tag="580"><subfield code="a">Formed by the union of: Jefferson Park times, and: Portage Park times (Chicago, Ill. : 1960), and: Mayfair times.</subfield></datafield><datafield ind1=" " ind2="0" tag="650"><subfield code="a">Community newspapers</subfield><subfield code="z">Illinois</subfield><subfield code="z">Chicago.</subfield></datafield><datafield ind1=" " ind2="0" tag="651"><subfield code="a">Jefferson Park (Chicago, Ill.)</subfield><subfield code="v">Newspapers.</subfield></datafield><datafield ind1=" " ind2="0" tag="651"><subfield code="a">Portage Park (Chicago, Ill.)</subfield><subfield code="v">Newspapers.</subfield></datafield><datafield ind1=" " ind2="0" tag="651"><subfield code="a">Albany Park (Chicago, Ill.)</subfield><subfield code="v">Newspapers.</subfield></datafield><datafield ind1=" " ind2="0" tag="651"><subfield code="a">Mayfair (Chicago, Ill.)</subfield><subfield code="v">Newspapers.</subfield></datafield><datafield ind1=" " ind2="0" tag="651"><subfield code="a">North Mayfair (Chicago, Ill.)</subfield><subfield code="v">Newspapers.</subfield></datafield><datafield ind1=" " ind2=" " tag="752"><subfield code="a">United States</subfield><subfield code="b">Illinois</subfield><subfield code="c">Cook</subfield><subfield code="d">Chicago.</subfield></datafield><datafield ind1="1" ind2="4" tag="780"><subfield code="t">Jefferson Park times</subfield><subfield code="w">(DLC)sn 93057138</subfield><subfield code="w">(OCoLC)29173201</subfield></datafield><datafield ind1="1" ind2="4" tag="780"><subfield code="t">Mayfair times (Chicago, Ill.)</subfield><subfield code="w">(DLC)sn 93057139</subfield><subfield code="w">(OCoLC)29173044</subfield></datafield><datafield ind1="1" ind2="4" tag="780"><subfield code="t">Portage Park times (Chicago, Ill. : 1950)</subfield><subfield code="w">(DLC)sn 93057137</subfield><subfield code="w">(OCoLC)29160112</subfield></datafield><datafield ind1="0" ind2="6" tag="785"><subfield code="t">Jefferson-Mayfair times</subfield><subfield code="w">(DLC)sn 93057141</subfield><subfield code="w">(OCoLC)29173150</subfield></datafield><datafield ind1="0" ind2="6" tag="785"><subfield code="t">Portage Park times (Chicago, Ill. : 1963)</subfield><subfield code="w">(DLC)sn 93057142</subfield><subfield code="w">(OCoLC)29173168</subfield></datafield></record>